@inproceedings{Bonomi:2012:FCR:2342509.2342513,
 author = {Bonomi, Flavio and Milito, Rodolfo and Zhu, Jiang and Addepalli, Sateesh},
 title = {Fog Computing and Its Role in the Internet of Things},
 booktitle = {Proceedings of the First Edition of the MCC Workshop on Mobile Cloud Computing},
 series = {MCC '12},
 year = {2012},
 isbn = {978-1-4503-1519-7},
 location = {Helsinki, Finland},
 pages = {13--16},
 numpages = {4},
 url = {http://doi.acm.org/10.1145/2342509.2342513},
 doi = {10.1145/2342509.2342513},
 acmid = {2342513},
 publisher = {ACM},
 address = {New York, NY, USA},
 keywords = {analytics, cloud computing, fog computing, iot, real time systems, software defined networks, wsan},
} 

@ARTICLE{8742650,
author={Y. {Chen} and N. {Zhang} and Y. {Zhang} and X. {Chen} and W. {Wu} and X. S. {Shen}},
journal={IEEE Transactions on Cloud Computing},
title={TOFFEE: Task Offloading and Frequency Scaling for Energy Efficiency of Mobile Devices in Mobile Edge Computing},
year={2019},
volume={},
number={},
pages={1-1},
keywords={Task analysis;Energy consumption;Mobile handsets;Cloud computing;Wireless communication;Resource management;Data communication;Mobile edge computing;energy efficiency;task allocation;dynamic frequency scaling},
doi={10.1109/TCC.2019.2923692},
ISSN={2372-0018},
month={June},}

@ARTICLE{8314696,
author={M. {Chen} and Y. {Hao}},
journal={IEEE Journal on Selected Areas in Communications},
title={Task Offloading for Mobile Edge Computing in Software Defined Ultra-Dense Network},
year={2018},
volume={36},
number={3},
pages={587-597},
keywords={augmented reality;cloud computing;integer programming;linear programming;mobile computing;nonlinear programming;resource allocation;cognitive applications;data-intensive tasks;mobile edge computing;low latency demand;distributed computing resource;edge cloud;energy dynamics;mobile device;offload tasks;software defined network;task offloading problem;mixed integer nonlinear program;optimization problem;task placement sub-problem;resource allocation sub-problem;efficient offloading scheme;task duration;random task offloading schemes;uniform task offloading schemes;software defined ultra-dense network;augment reality;computation-intensive tasks;innovative applications;Task analysis;Cloud computing;Edge computing;Mobile handsets;Computer architecture;Resource management;Microprocessors;Software defined networking;mobile edge computing;task offloading;resource allocation},
doi={10.1109/JSAC.2018.2815360},
ISSN={1558-0008},
month={March},}

@ARTICLE{7553459,
author={K. {Zhang} and Y. {Mao} and S. {Leng} and Q. {Zhao} and L. {Li} and X. {Peng} and L. {Pan} and S. {Maharjan} and Y. {Zhang}},
journal={IEEE Access},
title={Energy-Efficient Offloading for Mobile Edge Computing in 5G Heterogeneous Networks},
year={2016},
volume={4},
number={},
pages={5896-5907},
keywords={5G mobile communication;mobile computing;optimisation;power aware computing;resource allocation;mobile edge computing;5G heterogeneous networks;MEC;energy-efficient computation offloading mechanisms;EECO;optimization problem;offloading system;task computing;file transmission;multiaccess characteristics;radio resource allocation;minimal energy consumption;latency constraints;Cloud computing;Mobile handsets;5G mobile communication;Energy consumption;Energy efficiency;Heterogeneous networks;Energy-efficiency;offloading;mobile edge computing;5G},
doi={10.1109/ACCESS.2016.2597169},
ISSN={2169-3536},
month={September},}

@ARTICLE{7130662,
author={S. {Sardellitti} and G. {Scutari} and S. {Barbarossa}},
journal={IEEE Transactions on Signal and Information Processing over Networks},
title={Joint Optimization of Radio and Computational Resources for Multicell Mobile-Edge Computing},
year={2015},
volume={1},
number={2},
pages={89-103},
keywords={cloud computing;concave programming;convex programming;iterative methods;mobile computing;parallel processing;resource allocation;nonconvex optimization problem;radio access point;computational resource;multicell mobile-edge computing;cloud server;MIMO multicell system;mobile user;MU;iterative algorithm;convex approximation technique;distributed implementation;parallel implementation;Optimization;Mobile communication;Servers;Covariance matrices;Joints;Approximation algorithms;Approximation methods;Mobile cloud computing;computation offloading;energy minimization;resources allocation;small cells;Mobile cloud computing;computation offloading;energy minimization;resources allocation;small cells},
doi={10.1109/TSIPN.2015.2448520},
ISSN={2373-7778},
month={June},}

@ARTICLE{8234686,
author={F. {Wang} and J. {Xu} and X. {Wang} and S. {Cui}},
journal={IEEE Transactions on Wireless Communications},
title={Joint Offloading and Computing Optimization in Wireless Powered Mobile-Edge Computing Systems},
year={2018},
volume={17},
number={3},
pages={1784-1797},
keywords={access protocols;mobile computing;mobile radio;optimisation;resource allocation;telecommunication power management;wireless channels;MEC server;multiantenna access point;wireless powered multiuser MEC system;sustainable energy supply;low-power wireless devices;wireless powered mobile-edge computing systems;optimal resource allocation scheme;energy transmit;time-division multiple access protocol;harvested energy;wireless power;Wireless communication;Array signal processing;Wireless sensor networks;Downlink;Optimization;Central Processing Unit;Mobile-edge computing;wireless power transfer;computation offloading;energy beamforming;convex optimization},
doi={10.1109/TWC.2017.2785305},
ISSN={1558-2248},
month={March},}